<?xml version="1.0" encoding="UTF-8"?><collection xmlns="http://www.loc.gov/MARC21/slim"><record><leader>00432nam--2200121-i-4500</leader><controlfield tag="001">000010620</controlfield><controlfield tag="002">20161230</controlfield><controlfield tag="005">20161230201028</controlfield><controlfield tag="008">060222s1000------------r-----000-0-eng-d</controlfield><datafield ind1=" " ind2=" " tag="100"><subfield code="a">Deavis, Lawrence W., Nakmura, Terutaro And Laughman, Lanny</subfield></datafield><datafield ind1=" " ind2=" " tag="245"><subfield code="a">Observation of over-damped e-polariton in ba ti o3</subfield></datafield><datafield ind1=" " ind2=" " tag="260"><subfield code="a">Tokyo, The Institute For Solid State Physics The University Of Tokyo, 1972</subfield></datafield><datafield ind1=" " ind2=" " tag="490"><subfield code="a">Technical Report Of Issp, Seria A</subfield></datafield></record></collection>